% This file was created with JabRef 2.10.
% Encoding: UTF8


@Electronic{arXiv:1612.00793,
  Title                    = {{FW/CADIS-$\Omega$}: an angle-informed hybrid method for deep-penetration radiation transport},
  Author                   = {Munk, Madicken and Slaybaugh, R.N. and Pandya, Tara M. and Johnson, Seth R. and Evans, T. M.},
  HowPublished             = {arXiv:1612.00793},
  Month                    = {Dec},
  Year                     = {2016},

  File                     = {:home/kbat/misc/papers/1612.00793.pdf:PDF},
  Owner                    = {kbat},
  Timestamp                = {2017.08.15}
}

